@article{hart1990vertical,
  title={Vertical integration and market foreclosure},
  author={Hart, Oliver and Tirole, Jean and Carlton, Dennis W and Williamson, Oliver E},
  journal={Brookings papers on economic activity. Microeconomics},
  volume={1990},
  pages={205--286},
  year={1990},
  publisher={JSTOR}
}

@article{nevo2001measuring,
  title={Measuring market power in the ready-to-eat cereal industry},
  author={Nevo, Aviv},
  journal={Econometrica},
  volume={69},
  number={2},
  pages={307--342},
  year={2001},
  publisher={Wiley Online Library}
}